<?xml version="1.0" encoding="UTF-8"?><collection xmlns="http://www.loc.gov/MARC21/slim"><record><leader>00358nam--2200121-i-4500</leader><controlfield tag="001">000046561</controlfield><controlfield tag="002">20161230</controlfield><controlfield tag="005">20161230201046</controlfield><controlfield tag="008">060222s1000------------r-----000-0-eng-d</controlfield><datafield ind1=" " ind2=" " tag="100"><subfield code="a">Manualul Mecanicului Electrician. Prepararea Si Asamblarea Utilajului Electric Industrial</subfield></datafield><datafield ind1=" " ind2=" " tag="245"><subfield code="a">Bucuresti, ed.tehnica, 1950. 213 p</subfield></datafield><datafield ind1=" " ind2=" " tag="700"><subfield code="a">Vinogradov,N.V</subfield></datafield><datafield ind1=" " ind2=" " tag="852"><subfield code="a">1419</subfield></datafield></record></collection>